@inproceedings{Oracle_scheduling_11,
  title={Oracle scheduling: controlling granularity in implicitly parallel languages},
  author={Acar, Umut A and Chargu√©raud, Arthur and Rainey, Mike},
  booktitle={ACM SIGPLAN Notices},
  volume={46},
  number={10},
  pages={499--518},
  year={2011},
  organization={ACM},
  url={http://chargueraud.org/research/2011/oracle/oracle_scheduling.pdf}
}

@inproceedings{Lazy_binary_splitting_10,
  author = {Alexandros Tzannes and George C. Caragea and Rajeev Barua and Uzi Vishkin},
  title = {Lazy binary-splitting: a run-time adaptive work-stealing scheduler},
  booktitle = {PPoPP '10},
  year = {2010},
  OPTmonth = feb,
  pages = {179--190}
}
